<?xml version="1.0" encoding="UTF-8"?><collection xmlns="http://www.loc.gov/MARC21/slim"><record><leader>00377nam--2200121-i-4500</leader><controlfield tag="001">000033697</controlfield><controlfield tag="002">20161230</controlfield><controlfield tag="005">20161230201039</controlfield><controlfield tag="008">060222s1000------------r-----000-0-eng-d</controlfield><datafield ind1=" " ind2=" " tag="100"><subfield code="a">Muller, F</subfield></datafield><datafield ind1=" " ind2=" " tag="245"><subfield code="a">Uber dynamische korrosionsversuche in wasser und dampf im zusammenhang mit der entwicklung</subfield></datafield><datafield ind1=" " ind2=" " tag="260"><subfield code="a">Winterthur, Gebruder Sulzer, Aktiengesellschaft, 6p. F.A</subfield></datafield><datafield ind1=" " ind2=" " tag="852"><subfield code="a">21531</subfield></datafield></record></collection>